|0000|019|0|01072025|31072025|NOME DA EMPRESA LTDA|12345678000190||MG|12345678|3146107|||A|0|
|0001|0|
|0100|CONTADOR DA SILVA|12345678901|MG12345678/O-0||30112010|RUA DOS CONTADORES, 100||CENTRO|3199999999||contador@empresa.com|3146107|
|0150|FORN01|FORNECEDOR X LTDA|1058|23456789000180||123456|3550308||RUA ABC, 123|S/N|SALA 1|CENTRO|

|0190|UN|UNIDADE|
|0200|1001|PRODUTO X|||UN|00|12345678||01||18.00|

|C100|1|0|FORN01|55|00|1|1234|31082025|31082025|1000.00|0|0.00|0.00|0.00|900.00|2|100.00|120.00|0.00|0.00|0.00|
|C170|1|1001|ITEM GENERICO|10|UN|200.00|0.00|0|102|5102|0.00|120.00|1000.00|18.00|180.00|0.00|0.00|||||

|D100|0|1|PART02|57|01|A|1|9876|05072025|05072025|500.00|0|0.00|0.00|500.00|2|0.00|60.00|0.00|

|E100|01072025|31072025|
|E110|0.00|0.00|0.00|0.00|0.00|0.00|0.00|0.00|0.00|0.00|0.00|0.00|
|H005|31072025|750.00|01|
|H010|1001|UN|5|150.00|750.00|0||||
|9001|0|
|9900|0000|1|
|9900|0001|1|
|9900|0100|1|
|9900|0150|1|
|9900|0190|1|
|9900|0200|1|
|9900|C100|1|
|9900|C170|1|
|9900|D100|1|
|9900|E100|1|
|9900|E110|1|
|9900|H005|1|
|9900|H010|1|
|9900|9001|1|
|9900|9900|16|
|9900|9999|1|
|9999|32|